@misc{kivy,
  author = {Kivy Team},
  title = {Kivy: Open source Python library for rapid development of applications},
  year = {2025},
  url = {https://kivy.org/},
  note = {2025-03-17}
}

@misc{kivymd,
  author = {KivyMD Contributors},
  title = {KivyMD: A collection of Material Design widgets for use with Kivy},
  year = {2025},
  url = {https://kivymd.readthedocs.io/},
  note = {Accessed: 2025-03-17}
}

@manual{python-datetime,
  author = {Python Software Foundation},
  title = {Python Standard Library: datetime — Basic date and time types},
  year = {2025},
  url = {https://docs.python.org/3/library/datetime.html},
  note = {Accessed: 2025-03-17}
}

@manual{mysql-connector,
  author = {Oracle Corporation},
  title = {MySQL Connector/Python Developer Guide},
  year = {2025},
  url = {https://dev.mysql.com/doc/connector-python/en/},
  note = {Accessed: 2025-03-17}
}

@article{opencv,
  author = {Bradski, G.},
  title = {The OpenCV Library},
  year = {2000},
  journal = {OpenCV},
  url = {https://opencv.org/},
  note = {Accessed: 2025-03-17}
}

@manual{python-collections,
  author = {Python Software Foundation},
  title = {Python Standard Library: collections — Container datatypes},
  year = {2025},
  url = {https://docs.python.org/3/library/collections.html},
  note = {Accessed: 2025-03-17}
}

@misc{openfoodfacts,
  author = {Open Food Facts},
  title = {Data},
  url = {https://world.openfoodfacts.org},
  note = {Dostupné z: \url{https://world.openfoodfacts.org} [Cit. 2025-03-20]}
}

@misc{python,
  author = {{\relax Python Software Foundation}},
  title = {Python Programming Language},
  url = {https://www.python.org/},
  note = {Dostupné z: \url{https://www.python.org/} [Cit. 2025-03-20]}
}

@misc{buildozer,
  author = {{\relax Kivy Team}},
  title = {Buildozer Documentation},
  url = {https://buildozer.readthedocs.io/en/latest/},
  note = {Dostupné z: \url{https://buildozer.readthedocs.io/en/latest/} [Cit. 2025-03-20]}
}

@misc{ubuntu,
  author = {{\relax Canonical Ltd.}},
  title = {Ubuntu Operating System},
  url = {https://ubuntu.com/},
  note = {Dostupné z: \url{https://ubuntu.com/} [Cit. 2025-03-20]}
}

@misc{requests,
  author = {Reitz, Kenneth and community},
  title = {Requests: HTTP for Humans},
  url = {https://requests.readthedocs.io/en/latest/},
  note = {Dostupné z: \url{https://requests.readthedocs.io/en/latest/} [Cit. 2025-03-20]}
}